@inproceedings{Hansen:2010:CRA:1830761.1830790,
 author = {Hansen, Nikolaus and Auger, Anne and Ros, Raymond and Finck, Steffen and Po\v{s}\'{\i}k, Petr},
 title = {Comparing Results of 31 Algorithms from the Black-box Optimization Benchmarking BBOB-2009},
 booktitle = {Proceedings of the 12th Annual Conference Companion on Genetic and Evolutionary Computation},
 series = {GECCO '10},
 year = {2010},
 isbn = {978-1-4503-0073-5},
 location = {Portland, Oregon, USA},
 pages = {1689--1696},
 numpages = {8},
 url = {http://doi.acm.org/10.1145/1830761.1830790},
 doi = {10.1145/1830761.1830790},
 acmid = {1830790},
 publisher = {ACM},
 address = {New York, NY, USA},
 keywords = {benchmarking, black-box optimization}
} 


@article{DBLP:journals/corr/HansenAMTB16,
  author    = {Nikolaus Hansen and
               Anne Auger and
               Olaf Mersmann and
               Tea Tusar and
               Dimo Brockhoff},
  title     = {{COCO:} {A} Platform for Comparing Continuous Optimizers in a Black-Box
               Setting},
  journal   = {CoRR},
  volume    = {abs/1603.08785},
  year      = {2016},
  url       = {http://arxiv.org/abs/1603.08785},
  timestamp = {Sat, 02 Apr 2016 11:49:48 +0200},
  biburl    = {http://dblp.uni-trier.de/rec/bib/journals/corr/HansenAMTB16},
  bibsource = {dblp computer science bibliography, http://dblp.org}
}


@article{DBLP:journals/corr/HansenABTT16,
  author    = {Nikolaus Hansen and
               Anne Auger and
               Dimo Brockhoff and
               Dejan Tusar and
               Tea Tusar},
  title     = {{COCO:} Performance Assessment},
  journal   = {CoRR},
  volume    = {abs/1605.03560},
  year      = {2016},
  url       = {http://arxiv.org/abs/1605.03560},
  timestamp = {Wed, 01 Jun 2016 15:51:08 +0200},
  biburl    = {http://dblp.uni-trier.de/rec/bib/journals/corr/HansenABTT16},
  bibsource = {dblp computer science bibliography, http://dblp.org}
}


@article{DBLP:journals/corr/HansenTMAB16,
  author    = {Nikolaus Hansen and
               Tea Tusar and
               Olaf Mersmann and
               Anne Auger and
               Dimo Brockhoff},
  title     = {{COCO:} The Experimental Procedure},
  journal   = {CoRR},
  volume    = {abs/1603.08776},
  year      = {2016},
  url       = {http://arxiv.org/abs/1603.08776},
  timestamp = {Sat, 02 Apr 2016 11:49:48 +0200},
  biburl    = {http://dblp.uni-trier.de/rec/bib/journals/corr/HansenTMAB16},
  bibsource = {dblp computer science bibliography, http://dblp.org}
}


@incollection{DBLP:reference/sp/HansenAA15,
  author    = {Nikolaus Hansen and
               Dirk V. Arnold and
               Anne Auger},
  title     = {Evolution Strategies},
  booktitle = {Springer Handbook of Computational Intelligence},
  pages     = {871--898},
  year      = {2015},
  crossref  = {DBLP:reference/sp/2015ci},
  url       = {http://dx.doi.org/10.1007/978-3-662-43505-2_44},
  doi       = {10.1007/978-3-662-43505-2_44},
  timestamp = {Thu, 30 Jul 2015 20:23:09 +0200},
  biburl    = {http://dblp.uni-trier.de/rec/bib/reference/sp/HansenAA15},
  bibsource = {dblp computer science bibliography, http://dblp.org}
}


@techreport{hansen:inria-00597334,
  TITLE = {{COCO - COmparing Continuous Optimizers : The Documentation}},
  AUTHOR = {Hansen, Nikolaus and Finck, Steffen and Ros, Raymond},
  URL = {https://hal.inria.fr/inria-00597334},
  TYPE = {Research Report},
  NUMBER = {RT-0409},
  PAGES = {57},
  INSTITUTION = {{INRIA}},
  YEAR = {2011},
  MONTH = May,
  KEYWORDS = {software ; optimization ; evolutionary algorithms ; benchmarking ; black-box},
  PDF = {https://hal.inria.fr/inria-00597334/file/RT-0409.pdf},
  HAL_ID = {inria-00597334},
  HAL_VERSION = {v1},
}


@inproceedings{hansen2009benchmarking,
  title={Benchmarking a BI-population CMA-ES on the BBOB-2009 function testbed},
  author={Hansen, Nikolaus},
  booktitle={Proceedings of the 11th Annual Conference Companion on Genetic and Evolutionary Computation Conference: Late Breaking Papers},
  pages={2389--2396},
  year={2009},
  organization={ACM}
}


@inproceedings{ros2009benchmarking,
  title={Benchmarking the BFGS algorithm on the BBOB-2009 function testbed},
  author={Ros, Raymond},
  booktitle={Proceedings of the 11th Annual Conference Companion on Genetic and Evolutionary Computation Conference: Late Breaking Papers},
  pages={2409--2414},
  year={2009},
  organization={ACM}
}